<record><leader>00000cas a22000007a 4500</leader><controlfield tag="001">20801021</controlfield><controlfield tag="008">891219d18861887pr ir ne      0    0spa d</controlfield><datafield ind1=" " ind2=" " tag="010"><subfield code="a">sn 89078439 </subfield></datafield><datafield ind1=" " ind2=" " tag="040"><subfield code="a">PNN</subfield><subfield code="b">eng</subfield><subfield code="c">PNN</subfield><subfield code="d">OCLCQ</subfield><subfield code="d">DLC</subfield><subfield code="d">OCLCF</subfield></datafield><datafield ind1=" " ind2=" " tag="042"><subfield code="a">msc</subfield></datafield><datafield ind1=" " ind2=" " tag="043"><subfield code="a">nwpr---</subfield></datafield><datafield ind1="0" ind2="0" tag="050"><subfield code="a">Newspaper</subfield></datafield><datafield ind1="0" ind2=" " tag="130"><subfield code="a">Liberal (Mayagu&#776;ez, P.R.)</subfield></datafield><datafield ind1="1" ind2="3" tag="245"><subfield code="a">El liberal.</subfield></datafield><datafield ind1=" " ind2=" " tag="260"><subfield code="a">Mayagu&#776;ez, P.R. :</subfield><subfield code="b">Imp. de El Liberal</subfield></datafield><datafield ind1=" " ind2=" " tag="300"><subfield code="a">v.</subfield></datafield><datafield ind1=" " ind2=" " tag="310"><subfield code="a">Triweekly,</subfield><subfield code="b">&lt;Set. 2, 1887&gt;-</subfield></datafield><datafield ind1=" " ind2=" " tag="321"><subfield code="a">Daily (except Sunday),</subfield><subfield code="b">&lt;June-Oct. 7, 1886&gt;</subfield></datafield><datafield ind1="1" ind2=" " tag="362"><subfield code="a">Began in June 1886; ceased in Oct. 1887.</subfield></datafield><datafield ind1=" " ind2=" " tag="500"><subfield code="a">"Diario republicano autonomista."</subfield></datafield><datafield ind1=" " ind2=" " tag="588"><subfield code="a">Description based on: An&#771;o 1, nu&#769;m. 1 (12 de jun. de 1886).</subfield></datafield><datafield ind1=" " ind2=" " tag="588"><subfield code="a">Latest issue consulted: An&#771;o 1, nu&#769;m. 173 (30 de dic. de 1886).</subfield></datafield><datafield ind1=" " ind2="0" tag="651"><subfield code="a">Mayagu&#776;ez (P.R.)</subfield><subfield code="v">Newspapers.</subfield></datafield><datafield ind1=" " ind2="7" tag="655"><subfield code="a">Newspapers.</subfield><subfield code="2">fast</subfield><subfield code="0">(OCoLC)fst01423814</subfield></datafield><datafield ind1=" " ind2="7" tag="651"><subfield code="a">Puerto Rico</subfield><subfield code="z">Mayagu&#776;ez.</subfield><subfield code="2">fast</subfield><subfield code="0">(OCoLC)fst01202670</subfield></datafield><datafield ind1=" " ind2=" " tag="752"><subfield code="a">United States</subfield><subfield code="b">Puerto Rico</subfield><subfield code="d">Mayagu&#776;ez.</subfield></datafield></record>